@inproceedings{harabor2011online,
  title={机器学习},
  author={周志华},
  year={2016}
}