@inproceedings{harabor201-online,
  title={课程资料},
  author={Xiaodong Gu, Yue Ding},
  year={2021}
}